<?xml version="1.0" encoding="UTF-8"?><record xmlns="http://www.loc.gov/MARC21/slim" xmlns:cinclude="http://apache.org/cocoon/include/1.0" xmlns:zs="http://www.loc.gov/zing/srw/">
  <leader>00617cz  a2200169n  4500</leader>
  <controlfield tag="001">n  81048086 </controlfield>
  <controlfield tag="003">DLC</controlfield>
  <controlfield tag="005">20090131080046.0</controlfield>
  <controlfield tag="008">811109n| acannaabn          |a ana      </controlfield>
  <datafield tag="010" ind1=" " ind2=" ">
    <subfield code="a">n  81048086 </subfield>
  </datafield>
  <datafield tag="035" ind1=" " ind2=" ">
    <subfield code="a">(OCoLC)oca00593640</subfield>
  </datafield>
  <datafield tag="040" ind1=" " ind2=" ">
    <subfield code="a">DLC</subfield>
    <subfield code="b">eng</subfield>
    <subfield code="c">DLC</subfield>
    <subfield code="d">OCoLC</subfield>
  </datafield>
  <datafield tag="110" ind1="1" ind2=" ">
    <subfield code="a">Belgium.</subfield>
    <subfield code="b">Inspection générale de la pharmacie</subfield>
  </datafield>
  <datafield tag="410" ind1="1" ind2=" ">
    <subfield code="a">Belgium.</subfield>
    <subfield code="b">Inspection de la pharmacie</subfield>
  </datafield>
  <datafield tag="410" ind1="1" ind2=" ">
    <subfield code="a">Belgium.</subfield>
    <subfield code="b">Pharmacie, Inspection générale de la</subfield>
  </datafield>
  <datafield tag="410" ind1="1" ind2=" ">
    <subfield code="a">Belgium.</subfield>
    <subfield code="b">Ministère de la santé publique et de la famille.</subfield>
    <subfield code="b">Inspection générale de la pharmacie</subfield>
  </datafield>
  <datafield tag="670" ind1=" " ind2=" ">
    <subfield code="a">Its Harmonisation des legislations ... 1977.</subfield>
  </datafield>
</record>